<?xml version="1.0" encoding="UTF-8"?><collection xmlns="http://www.loc.gov/MARC21/slim"><record><leader>00522nam--2200193-u-4500</leader><controlfield tag="001">000054523</controlfield><controlfield tag="002">20161230</controlfield><controlfield tag="005">20161230201051</controlfield><controlfield tag="008">120118s1000------------r-----000-0-rus-d</controlfield><datafield ind1=" " ind2=" " tag="040"><subfield code="a">IFIN-HH</subfield></datafield><datafield ind1=" " ind2=" " tag="041"><subfield code="a">rus</subfield></datafield><datafield ind1=" " ind2=" " tag="080"><subfield code="a">539.12.18</subfield></datafield><datafield ind1="1" ind2=" " tag="100"><subfield code="a">Lawson, J.D</subfield></datafield><datafield ind1="1" ind2="0" tag="245"><subfield code="a">Fizika pucekov zariajennih ceastit</subfield><subfield code="c">J.d. lawson</subfield></datafield><datafield ind1=" " ind2=" " tag="260"><subfield code="a">Moskva</subfield><subfield code="b">Mir</subfield><subfield code="c">1980</subfield></datafield><datafield ind1=" " ind2=" " tag="300"><subfield code="a">438P</subfield></datafield><datafield ind1=" " ind2=" " tag="500"><subfield code="a">Titlul Original In Limba Engleza: The Physics Of Charged-particle Beams</subfield></datafield><datafield ind1=" " ind2=" " tag="852"><subfield code="a">75518</subfield><subfield code="c">539.12</subfield></datafield><datafield ind1=" " ind2=" " tag="CAT"><subfield code="a">Sys</subfield><subfield code="c">20120118</subfield><subfield code="h">165052</subfield></datafield></record></collection>